@inproceedings{petre2013uml,
  title={UML in practice},
  author={Petre, Marian},
  booktitle={2013 35th international conference on software engineering (icse)},
  pages={722--731},
  year={2013},
  organization={IEEE}
}
@inproceedings{vazquez2020c4,
  title={C4 model in a Software Engineering subject to ease the comprehension of UML and the software},
  author={V{\'a}zquez-Ingelmo, Andrea and Garc{\'\i}a-Holgado, Alicia and Garc{\'\i}a-Pe{\~n}alvo, Francisco J},
  booktitle={2020 IEEE Global Engineering Education Conference (EDUCON)},
  pages={919--924},
  year={2020},
  organization={IEEE}
}
@article{bertocco1998client,
  title={A client-server architecture for distributed measurement systems},
  author={Bertocco, Matteo and Ferraris, Franco and Offelli, Carlo and Parvis, Marco},
  journal={IEEE transactions on instrumentation and measurement},
  volume={47},
  number={5},
  pages={1143--1148},
  year={1998},
  publisher={IEEE}
}
@article{silsupadol2017reliability,
  title={Reliability and validity of a smartphone-based assessment of gait parameters across walking speed and smartphone locations: Body, bag, belt, hand, and pocket},
  author={Silsupadol, Patima and Teja, Kunlanan and Lugade, Vipul},
  journal={Gait \& posture},
  volume={58},
  pages={516--522},
  year={2017},
  publisher={Elsevier}
}
@article{majumder2019smartphone,
  title={Smartphone sensors for health monitoring and diagnosis},
  author={Majumder, Sumit and Deen, M Jamal},
  journal={Sensors},
  volume={19},
  number={9},
  pages={2164},
  year={2019},
  publisher={Multidisciplinary Digital Publishing Institute}
}
@inproceedings{6735994,
  author={N. {De Caro} and W. {Colitti} and K. {Steenhaut} and G. {Mangino} and G. {Reali}},
  booktitle={2013 IEEE 20th Symposium on Communications and Vehicular Technology in the Benelux (SCVT)},
  title={Comparison of two lightweight protocols for smartphone-based sensing},
  year={2013},
  volume={},
  number={},
  pages={1-6},
  doi={10.1109/SCVT.2013.6735994}
}
@inproceedings{de2013comparison,
  title={Comparison of two lightweight protocols for smartphone-based sensing},
  author={De Caro, Niccol{\`o} and Colitti, Walter and Steenhaut, Kris and Mangino, Giuseppe and Reali, Gianluca},
  booktitle={2013 IEEE 20th Symposium on Communications and Vehicular Technology in the Benelux (SCVT)},
  pages={1--6},
  year={2013},
  organization={IEEE}
}
@inproceedings{walter2013smartphone,
  title={Smartphone-based sensor fusion for improved vehicular navigation},
  author={Walter, Oliver and Schmalenstroeer, Joerg and Engler, Andreas and Haeb-Umbach, Reinhold},
  booktitle={2013 10th Workshop on Positioning, Navigation and Communication (WPNC)},
  pages={1--6},
  year={2013},
  organization={IEEE}
}
@techreport{stepper1993j1939,
  title={J1939 high speed serial communications, the next generation network for heavy duty vehicles},
  author={Stepper, Mark R},
  year={1993},
  institution={SAE Technical Paper}
}

@inproceedings{van2011canauth,
  title={CANAuth-a simple, backward compatible broadcast authentication protocol for CAN bus},
  author={Van Herrewege, Anthony and Singelee, Dave and Verbauwhede, Ingrid},
  booktitle={ECRYPT Workshop on Lightweight Cryptography},
  volume={2011},
  pages={20},
  year={2011}
}

@inproceedings{campolo2012smartcar,
  title={SMaRTCaR: An integrated smartphone-based platform to support traffic management applications},
  author={Campolo, Claudia and Iera, Antonio and Molinaro, Antonella and Paratore, Stefano Yuri and Ruggeri, Giuseppe},
  booktitle={2012 first international workshop on vehicular traffic management for smart cities (VTM)},
  pages={1--6},
  year={2012},
  organization={IEEE}
}

@inproceedings{li2016dangerous,
  title={Dangerous driving behavior detection using smartphone sensors},
  author={Li, Fu and Zhang, Hai and Che, Huan and Qiu, Xiaochen},
  booktitle={2016 IEEE 19th International Conference on Intelligent Transportation Systems (ITSC)},
  pages={1902--1907},
  year={2016},
  organization={IEEE}
}

@misc{statcountermaketshare, 
  title={Mobile Operating System Market Share Worldwide}, 
  url={https://gs.statcounter.com/os-market-share/mobile/worldwide},
  journal={StatCounter Global Stats}
}

@inproceedings{flauzino2018you,
  title={Are you still smelling it? A comparative study between Java and Kotlin language},
  author={Flauzino, Matheus and Ver{\'\i}ssimo, J{\'u}lio and Terra, Ricardo and Cirilo, Elder and Durelli, Vinicius HS and Durelli, Rafael S},
  booktitle={Proceedings of the VII Brazilian symposium on software components, architectures, and reuse},
  pages={23--32},
  year={2018}
}

@article{biorn2020empirical,
  title={An empirical investigation of performance overhead in cross-platform mobile development frameworks},
  author={Bi{\o}rn-Hansen, Andreas and Rieger, Christoph and Gr{\o}nli, Tor-Morten and Majchrzak, Tim A and Ghinea, Gheorghita},
  journal={Empirical Software Engineering},
  volume={25},
  pages={2997--3040},
  year={2020},
  publisher={Springer}
}
@inproceedings{kwan2012google,
  title={Google's C/C++ toolchain for smart handheld devices},
  author={Kwan, Doug and Yu, Jing and Janakiraman, Bhaskar},
  booktitle={Proceedings of Technical Program of 2012 VLSI Technology, System and Application},
  pages={1--4},
  year={2012},
  organization={IEEE}
}
@article{ogala2020comparative,
  title={Comparative analysis of c, c++, c\# and java programming languages},
  author={Ogala, Justin Onyarin and Ojie, Deborah V},
  journal={GSJ},
  volume={8},
  number={5},
  year={2020}
}
@inproceedings{gupta2017nosql,
  title={NoSQL databases: Critical analysis and comparison},
  author={Gupta, Adity and Tyagi, Swati and Panwar, Nupur and Sachdeva, Shelly and Saxena, Upaang},
  booktitle={2017 International Conference on Computing and Communication Technologies for Smart Nation (IC3TSN)},
  pages={293--299},
  year={2017},
  organization={IEEE}
}
@inproceedings{qader2018comparative,
  title={A comparative study of secondary indexing techniques in LSM-based NoSQL databases},
  author={Qader, Mohiuddin Abdul and Cheng, Shiwen and Hristidis, Vagelis},
  booktitle={Proceedings of the 2018 International Conference on Management of Data},
  pages={551--566},
  year={2018}
}
@inproceedings{ongo2018hybrid,
  title={Hybrid database system of MySQL and MongoDB in web application development},
  author={Ongo, Gregorius and Kusuma, Gede Putra},
  booktitle={2018 International Conference on Information Management and Technology (ICIMTech)},
  pages={256--260},
  year={2018},
  organization={IEEE}
}
@article{truskowski2020comparison,
  title={Comparison of MySQL, MSSQL, PostgreSQL, Oracle databases performance, including virtualization},
  author={Truskowski, Wojciech and Klewek, Rafa{\l} and Skublewska-Paszkowska, Maria},
  journal={Journal of Computer Sciences Institute},
  volume={16},
  pages={279--284},
  year={2020}
}
@article{bhosale2015sqlite,
  title={Sqlite: Light database system},
  author={Bhosale, ST and Patil, T and Patil, P},
  journal={International Journal of Computer Science and Mobile Computing},
  volume={4},
  number={4},
  pages={882--885},
  year={2015}
}
@article{kronis2018performance,
  title={Performance comparison of Java EE and ASP. NET core technologies for web API development},
  author={Kronis, Kristi{\=a}ns and Uhanova, Marina},
  journal={Applied Computer Systems},
  volume={23},
  number={1},
  pages={37--44},
  year={2018},
  publisher={Sciendo}
}
